<?xml version="1.0" encoding="UTF-8"?>
<collection xmlns:xsi="http://www.w3.org/2001/XMLSchema-instance" xsi:schemaLocation="http://www.loc.gov/MARC21/slim http://www.loc.gov/standards/marcxml/schema/MARC21slim.xsd" xmlns="http://www.loc.gov/MARC21/slim">
<record>
  <leader>01117nam a2200241   4500</leader>
  <controlfield tag="001">3233793</controlfield>
  <controlfield tag="003">NNC</controlfield>
  <controlfield tag="005">20030429143635.0</controlfield>
  <controlfield tag="008">931214s1907    le            000 0 ara d</controlfield>
  <datafield tag="035" ind1=" " ind2=" ">
    <subfield code="a">(OCoLC)ocm29491275</subfield>
  </datafield>
  <datafield tag="035" ind1=" " ind2=" ">
    <subfield code="9">AUK6179CU</subfield>
  </datafield>
  <datafield tag="040" ind1=" " ind2=" ">
    <subfield code="a">AZU</subfield>
    <subfield code="c">AZU</subfield>
    <subfield code="d">ZCU</subfield>
  </datafield>
  <datafield tag="099" ind1=" " ind2=" ">
    <subfield code="a">893.7Ib562</subfield>
    <subfield code="a">P4</subfield>
  </datafield>
  <datafield tag="100" ind1="0" ind2=" ">
    <subfield code="a">Avicenna,</subfield>
    <subfield code="d">980-1037.</subfield>
  </datafield>
  <datafield tag="240" ind1="1" ind2="0">
    <subfield code="a">Maqalah fi al-nafs</subfield>
  </datafield>
  <datafield tag="245" ind1="1" ind2="0">
    <subfield code="a">Hadīyat al-Raʾīs Abī ʻAlī al-Ḥusayn ibn ʻAbd Allāh ibn Sīnā ahdāhā lil-Amīr Nūḥ ibn Manṣūr al-Sāmānī :</subfield>
    <subfield code="b">wa haya mabḥath ʻan al-quwá al-nafsānīyah, aw, Kitāb fī al-nafs ʻalá sunnat al-ikhtiṣār wa-muqtaḍá ṭarīqat al-manṭiqiyīn /</subfield>
    <subfield code="c">ʻuniya bi-ḍabṭuhā wa-taṣḥīḥuhā Idward ibn Karnīlyūs Fandīk al-Amrīkānī.</subfield>
  </datafield>
  <datafield tag="260" ind1=" " ind2=" ">
    <subfield code="a">Miṣr :</subfield>
    <subfield code="b">Maṭbaʻat al-Maʻārif,</subfield>
    <subfield code="c">[1907]</subfield>
  </datafield>
  <datafield tag="300" ind1=" " ind2=" ">
    <subfield code="a">87 p. ;</subfield>
    <subfield code="c">24 cm.</subfield>
  </datafield>
  <datafield tag="650" ind1=" " ind2="0">
    <subfield code="a">Soul.</subfield>
  </datafield>
  <datafield tag="700" ind1="1" ind2=" ">
    <subfield code="a">Van Dyck, Edward Abbott.</subfield>
  </datafield>
  <datafield tag="740" ind1="0" ind2="1">
    <subfield code="a">Mabḥath ʻan al-quwá al-nafsānīyah.</subfield>
  </datafield>
  <datafield tag="740" ind1="0" ind2="1">
    <subfield code="a">Kitāb fī al-nafs ʻalá sunnat al-ikhṭiṣār wa-muqtaḍá ṭarīqat al-manṭiqīyīn.</subfield>
  </datafield>
  <datafield tag="955" ind1=" " ind2=" ">
    <subfield code="b">CU58972587</subfield>
    <subfield code="d">off,glx</subfield>
    <subfield code="e">893.7Ib562 P4</subfield>
  </datafield>
</record>
</collection>